%% LaTeX2e file `references.bib'
%% generated by the `filecontents' environment
%% from source `template' on 2025/02/13.
%%
@article{lu2024aiscientist,
  title={The {AI} {S}cientist: Towards Fully Automated Open-Ended Scientific Discovery},
  author={Lu, Chris and Lu, Cong and Lange, Robert Tjarko and Foerster, Jakob and Clune, Jeff and Ha, David},
  journal={arXiv preprint arXiv:2408.06292},
  year={2024}
}

@article{szabadfoldi2021military,
  title={Artificial Intelligence in Military Application – Opportunities and Challenges},
  author={Szabadföldi, I.},
  journal={Journal of Military Science},
  year={2021}
}

@article{pysarenko2020trends,
  title={Global technological trends in the field of weapons and military equipment},
  author={Pysarenko, T. and Kvasha, T.},
  journal={Technical Expertise},
  year={2020}
}



@Article{Lee2021ACS,
 author = {Sangsoo Lee},
 booktitle = {J-Institute},
 journal = {J-Institute},
 title = {A Case Study of AI DEFENSE Applications in Major Northeast Asian States and Strategies for Building a ROK’s AI-based National Defense System},
 year = {2021}
}


@Article{Surywanshi2022ArtificialII,
 author = {Ravina Surywanshi and Siddhesh Parab},
 booktitle = {International Journal of Advanced Research in Science, Communication and Technology},
 journal = {International Journal of Advanced Research in Science, Communication and Technology},
 title = {Artificial Intelligence in Military Systems and their Influence on Sense of Security of Citizens},
 year = {2022}
}


@Inproceedings{Anneken2025EthicalCF,
 author = {Mathias Anneken and Nadia Burkart and Fabian Jeschke and Achim Kuwertz-Wolf and Almuth Mueller and Arne Schumann and Michael Teutsch},
 title = {Ethical Considerations for the Military Use of Artificial Intelligence in Visual Reconnaissance},
 year = {2025}
}


@Article{Hagos2022RecentAI,
 author = {D. Hagos and D. Rawat},
 booktitle = {Italian National Conference on Sensors},
 journal = {Sensors (Basel, Switzerland)},
 title = {Recent Advances in Artificial Intelligence and Tactical Autonomy: Current Status, Challenges, and Perspectives},
 volume = {22},
 year = {2022}
}


@Inproceedings{Pace2024BiasET,
 author = {Teresa L. Pace and Bryan Ranes},
 booktitle = {Defense + Commercial Sensing},
 pages = {1305406 - 1305406-10},
 title = {Bias, explainability, transparency, and trust for AI-enabled military systems},
 volume = {13054},
 year = {2024}
}


@Article{Pakholchuk2024MethodologicalCO,
 author = {V. Pakholchuk and K. Horiacheva},
 booktitle = {Challenges to National Defence in Contemporary Geopolitical Situation},
 journal = {Challenges to National Defence in Contemporary Geopolitical Situation},
 title = {Methodological Concepts of Appling AI into Military and Economic Capabilities Data Analysis},
 year = {2024}
}


@Article{Sarjito2024EnhancingBA,
 author = {Aris Sarjito and Nora Lelyana},
 booktitle = {JISHUM Jurnal Ilmu Sosial dan Humaniora},
 journal = {JISHUM Jurnal Ilmu Sosial dan Humaniora},
 title = {Enhancing Battlefield Awareness: Integration of IoMT Sensors and Networks in National Defense Systems},
 year = {2024}
}

