%% LaTeX2e file `references.bib'
%% generated by the `filecontents' environment
%% from source `template' on 2025/02/11.
%%
@article{kanapathipillai2023digital,
  title={DIGITAL TRANSITION AT GOLDEN YEARS: UNCOVERING WHAT FUELS THE SHIFT TO DIGITAL BANKING SERVICES AMONG MALAYSIAN SENIORS},
  author={Kanapathipillai, Kumaran and Sufian, Noraini binti Mohd and Anuar, Nor Haslina binti and Shamsudin, Nurul Athiera Binti Mohd},
  journal={European Journal of Management and Marketing Studies},
  year={2023}
}

@inproceedings{cunha2019web,
  title={Web-based authoring of multimedia intervention programs for mobile devices: a case study on elderly digital literacy},
  author={Cunha, B. C. R. and Rodrigues, K. R. H. and Zaine, I. and Scalco, L. and Viel, C. C. and Pimentel, M. G.},
  booktitle={ACM Symposium on Applied Computing},
  year={2019}
}

@article{choudhary2022addressing,
  title={Addressing Digital Divide through Digital Literacy Training Programs: A Systematic Literature Review},
  author={Choudhary, H. and Bansal, N.},
  journal={Digital Education Review},
  year={2022}
}

@article{yang2024experience,
  title={Experience of the Elderly Participating in Digital Use Education},
  author={Yang, H. and Chun, B. K.},
  journal={The Korea Academy of Case Management},
  year={2024}
}

@inproceedings{rodrigues2024praticas,
  title={Práticas com smartphones para idosos - Um projeto de extensão do ICMC/USP},
  author={Rodrigues, K. R. H. and Santos, S. S. D. and Gallego, D. and Martins, K. and Malpartida, K. F. C. and Verhalen, A. and de Deus, J. P.},
  booktitle={Brazilian Symposium on Multimedia and the Web},
  year={2024}
}

@article{lu2024aiscientist,
  title={The {AI} {S}cientist: Towards Fully Automated Open-Ended Scientific Discovery},
  author={Lu, Chris and Lu, Cong and Lange, Robert Tjarko and Foerster, Jakob and Clune, Jeff and Ha, David},
  journal={arXiv preprint arXiv:2408.06292},
  year={2024}
}



@Article{Kim2024SystematicRO,
 author = {Seong-Won Kim and Seung-Hui Jeong and Min-Ye Jung},
 booktitle = {Korean Society of Occupational Therapy},
 journal = {Korean Society of Occupational Therapy},
 title = {Systematic Review on the Effectiveness of Digital Literacy Interventions Among Older Adults},
 year = {2024}
}


@Article{Jerman-Blazic2018LearningDS,
 author = {B. Jerman-Blazic and Primoz Cigoj and Andrej Jerman-Blazic},
 booktitle = {International Conference on Computer Supported Education},
 pages = {222-229},
 title = {Learning Digital Skils for Elderly People by using Touch Screen Technology and Learning Games: A Case Study},
 year = {2018}
}


@Article{Kim2024SystematicRO,
 author = {Seong-Won Kim and Seung-Hui Jeong and Min-Ye Jung},
 booktitle = {Korean Society of Occupational Therapy},
 journal = {Korean Society of Occupational Therapy},
 title = {Systematic Review on the Effectiveness of Digital Literacy Interventions Among Older Adults},
 year = {2024}
}


@Inproceedings{Msweli2021FinancialIO,
 author = {N. Msweli and Tendani Mawela},
 title = {Financial Inclusion of the Elderly: Exploring the Role of Mobile Banking Adoption},
 year = {2021}
}


@Article{Rodríguez-Miranda2025ValidationOA,
 author = {Francisco de Paula Rodríguez-Miranda and Rocio Illanes-Segura and Yolanda Ceada-Garrido and J. Infante-Moro},
 booktitle = {Frontiers in Education},
 journal = {Frontiers in Education},
 title = {Validation of a scale based on the DigComp framework on internet navigation and cybersecurity in older adults},
 year = {2025}
}


@Article{Kong2024ExploringTI,
 author = {Haiyan Kong and Xinyu Wang},
 booktitle = {Digital Health},
 journal = {Digital Health},
 title = {Exploring the influential factors and improvement strategies for digital information literacy among the elderly: An analysis based on integrated learning algorithms},
 volume = {10},
 year = {2024}
}


@Article{Miwa2017ChangingPO,
 author = {M. Miwa and E. Nishina and M. Kurosu and Hideaki Takahashi and Y. Yaginuma and Y. Hirose and Toshio Akimitsu},
 journal = {LIBRES: Library and Information Science Research Electronic Journal},
 pages = {13},
 title = {Changing Patterns of Perceived ICT Skill Levels of Elderly Learners in a Digital Literacy Training Course},
 volume = {27},
 year = {2017}
}

